<?xml version="1.0" encoding="UTF-8"?><collection xmlns="http://www.loc.gov/MARC21/slim"><record><leader>00593nam--2200241-u-4500</leader><controlfield tag="001">000050623</controlfield><controlfield tag="002">20161230</controlfield><controlfield tag="003">81932</controlfield><controlfield tag="005">20161230201048</controlfield><controlfield tag="008">080218s1000------------r-----000-0-eng-d</controlfield><datafield ind1=" " ind2=" " tag="020"><subfield code="a">9780198556459</subfield></datafield><datafield ind1=" " ind2=" " tag="040"><subfield code="a">IFIN-HH</subfield></datafield><datafield ind1=" " ind2=" " tag="080"><subfield code="a">532</subfield></datafield><datafield ind1="1" ind2=" " tag="100"><subfield code="a">Allen, M.P</subfield></datafield><datafield ind1="1" ind2="0" tag="245"><subfield code="a">Computer simulation of Liquids</subfield><subfield code="c">M.P. Allen, D.J.Tildesley</subfield></datafield><datafield ind1=" " ind2=" " tag="260"><subfield code="a">Oxford</subfield><subfield code="b">Calderon Press</subfield><subfield code="c">1987</subfield></datafield><datafield ind1=" " ind2=" " tag="300"><subfield code="a">385 p</subfield></datafield><datafield ind1=" " ind2=" " tag="500"><subfield code="a">Index</subfield></datafield><datafield ind1=" " ind2=" " tag="504"><subfield code="a">Bibliography</subfield></datafield><datafield ind1=" " ind2="0" tag="650"><subfield code="a">Molecular dynamics</subfield></datafield><datafield ind1="1" ind2=" " tag="700"><subfield code="a">Tildesley, D.J</subfield></datafield><datafield ind1=" " ind2=" " tag="852"><subfield code="a">81932</subfield><subfield code="c">681.3</subfield></datafield><datafield ind1=" " ind2=" " tag="CAT"><subfield code="a">Sys</subfield><subfield code="c">20080807</subfield><subfield code="h">092822</subfield></datafield></record></collection>